<?xml version="1.0" encoding="UTF-8"?><record xmlns="http://www.loc.gov/MARC21/slim" xmlns:cinclude="http://apache.org/cocoon/include/1.0" xmlns:zs="http://www.loc.gov/zing/srw/">
  <leader>00425nz  a2200133n  4500</leader>
  <controlfield tag="001">n  89112534 </controlfield>
  <controlfield tag="003">DLC</controlfield>
  <controlfield tag="005">19910907120115.5</controlfield>
  <controlfield tag="008">910907n| acannaab|          |n aaa |||  </controlfield>
  <datafield tag="010" ind1=" " ind2=" ">
    <subfield code="a">n  89112534 </subfield>
  </datafield>
  <datafield tag="040" ind1=" " ind2=" ">
    <subfield code="a">DLC</subfield>
    <subfield code="c">DLC</subfield>
  </datafield>
  <datafield tag="100" ind1="1" ind2="0">
    <subfield code="a">Kāmēśvararāvu, Upadraṣṭa</subfield>
  </datafield>
  <datafield tag="400" ind1="0" ind2="0">
    <subfield code="a">Upadraṣṭa Kāmēśvararāvu</subfield>
  </datafield>
  <datafield tag="670" ind1=" " ind2=" ">
    <subfield code="a">Vaidyanāthadīkṣita. Jātaka pārijātamu, 1990:</subfield>
    <subfield code="b">t.p. (Upadraṣṭa Kāmēśvararāvu)</subfield>
  </datafield>
</record>